%% This BibTeX bibliography file was created using BibDesk.
%% https://bibdesk.sourceforge.io/

%% Created for James Amo at 2019-12-07 14:59:23 -0500 


%% Saved with string encoding Unicode (UTF-8) 



@misc{goodfellow2014generative,
	Archiveprefix = {arXiv},
	Author = {Ian J. Goodfellow and Jean Pouget-Abadie and Mehdi Mirza and Bing Xu and David Warde-Farley and Sherjil Ozair and Aaron Courville and Yoshua Bengio},
	Date-Added = {2019-12-07 14:59:20 -0500},
	Date-Modified = {2019-12-07 14:59:20 -0500},
	Eprint = {1406.2661},
	Primaryclass = {stat.ML},
	Title = {Generative Adversarial Networks},
	Year = {2014}}

@misc{mirza2014conditional,
	Archiveprefix = {arXiv},
	Author = {Mehdi Mirza and Simon Osindero},
	Date-Added = {2019-12-07 14:56:38 -0500},
	Date-Modified = {2019-12-07 14:56:38 -0500},
	Eprint = {1411.1784},
	Primaryclass = {cs.LG},
	Title = {Conditional Generative Adversarial Nets},
	Year = {2014}}

@online{conditional_gan_explain,
	Author = {MohammadAli Bagheri},
	Date-Added = {2019-12-07 14:44:11 -0500},
	Date-Modified = {2019-12-07 14:45:49 -0500},
	Keywords = {conditional_gan},
	Note = {(2019, June 17)},
	Title = {{A tutorial on Conditional Generative Adversarial Nets + Keras implementation}},
	Url = {https://medium.com/@ma.bagheri/a-tutorial-on-conditional-generative-adversarial-nets-keras-implementation-694dcafa6282},
	}


@online{dataset_ixi,
	Author = {Biomedical Image Analysis Group, Imperial College London},
	Date-Added = {2019-12-07 14:44:11 -0500},
	Date-Modified = {2019-12-07 14:45:49 -0500},
	Keywords = {dataset},
	Note = {(Creative Commons CC BY-SA 3.0 license)},
	Title = {{IXI Dataset}},
	Url = {http://brain-development.org/ixi-dataset/},
	}

@article{8653423,
	Author = {S. U. {Dar} and M. {Yurt} and L. {Karacan} and A. {Erdem} and E. {Erdem} and T. {{\c C}ukur}},
	Date-Added = {2019-12-07 14:42:00 -0500},
	Date-Modified = {2019-12-07 14:42:00 -0500},
	Doi = {10.1109/TMI.2019.2901750},
	Issn = {1558-254X},
	Journal = {IEEE Transactions on Medical Imaging},
	Keywords = {Magnetic resonance imaging;Image generation;Generative adversarial networks;Gallium nitride;Feature extraction;Task analysis;Generators;Generative adversarial network;image synthesis;multi-contrast MRI;pixel-wise loss;cycleconsistency loss},
	Month = {Oct},
	Number = {10},
	Pages = {2375-2388},
	Title = {Image Synthesis in Multi-Contrast MRI With Conditional Generative Adversarial Networks},
	Volume = {38},
	Year = {2019},
	Bdsk-Url-1 = {https://doi.org/10.1109/TMI.2019.2901750}}

@online{pix2pix_ml,
	Author = {Jason Brownlee},
	Date-Added = {2019-12-07 14:36:34 -0500},
	Date-Modified = {2019-12-07 14:37:59 -0500},
	Note = {(2019, July 31)},
	Title = {{How to Implement Pix2Pix GAN Models From Scratch With Keras}},
	Url = {https://machinelearningmastery.com/how-to-implement-pix2pix-gan-models-from-scratch-with-keras/},
	}

	@misc{isola2016imagetoimage,
    title={Image-to-Image Translation with Conditional Adversarial Networks},
    author={Phillip Isola and Jun-Yan Zhu and Tinghui Zhou and Alexei A. Efros},
    year={2016},
    eprint={1611.07004},
    archivePrefix={arXiv},
    primaryClass={cs.CV}
}
